<?xml version="1.0" encoding="UTF-8"?><collection xmlns="http://www.loc.gov/MARC21/slim"><record><leader>00610nam--2200205-i-4500</leader><controlfield tag="001">000044667</controlfield><controlfield tag="002">20161230</controlfield><controlfield tag="005">20161230201044</controlfield><controlfield tag="008">060222s1000------------r-----000-0-eng-d</controlfield><datafield ind1=" " ind2=" " tag="020"><subfield code="a">0198564147</subfield></datafield><datafield ind1=" " ind2=" " tag="040"><subfield code="a">IFIN-HH</subfield></datafield><datafield ind1=" " ind2=" " tag="080"><subfield code="a">778.3(06)</subfield></datafield><datafield ind1="1" ind2=" " tag="100"><subfield code="a">Thomson, D.J</subfield></datafield><datafield ind1=" " ind2=" " tag="245"><subfield code="a">An introduction to photomicrography</subfield><subfield code="b">Microscopy handbooks 13</subfield><subfield code="c">D.j. thomson, savile bradbury</subfield></datafield><datafield ind1=" " ind2=" " tag="260"><subfield code="a">Oxford</subfield><subfield code="b">Oxford University Press</subfield><subfield code="c">1987</subfield></datafield><datafield ind1=" " ind2=" " tag="300"><subfield code="a">74P</subfield></datafield><datafield ind1=" " ind2=" " tag="490"><subfield code="a">Royal Microscopical Society Microscopy Handbooks 13</subfield></datafield><datafield ind1="1" ind2=" " tag="700"><subfield code="a">Bradbury, Savile</subfield></datafield><datafield ind1=" " ind2=" " tag="852"><subfield code="a">81205</subfield><subfield code="c">537.533.35</subfield></datafield><datafield ind1=" " ind2=" " tag="CAT"><subfield code="a">Sys</subfield><subfield code="c">20110915</subfield><subfield code="h">150034</subfield></datafield></record></collection>